<record><leader>00000cas a22000007a 4500</leader><controlfield tag="001">31401428</controlfield><controlfield tag="008">941103c19899999mauwr ne      0    0eng d</controlfield><datafield ind1=" " ind2=" " tag="010"><subfield code="a">sn 94055930 </subfield></datafield><datafield ind1=" " ind2=" " tag="040"><subfield code="a">MGN</subfield><subfield code="b">eng</subfield><subfield code="c">MGN</subfield><subfield code="d">OCLCQ</subfield></datafield><datafield ind1=" " ind2=" " tag="042"><subfield code="a">msc</subfield></datafield><datafield ind1="0" ind2="4" tag="245"><subfield code="a">The Hull times.</subfield></datafield><datafield ind1=" " ind2=" " tag="260"><subfield code="a">Hull, Mass. :</subfield><subfield code="b">Hull-Nantasket Times, Inc., and Hull Pub. Co.</subfield></datafield><datafield ind1=" " ind2=" " tag="300"><subfield code="a">v.</subfield></datafield><datafield ind1=" " ind2=" " tag="310"><subfield code="a">Weekly</subfield></datafield><datafield ind1="0" ind2=" " tag="362"><subfield code="a">Vol. 61, no. 24 (Dec. 7, 1989)-</subfield></datafield><datafield ind1=" " ind2=" " tag="752"><subfield code="a">United States</subfield><subfield code="b">Massachusetts</subfield><subfield code="c">Plymouth</subfield><subfield code="d">Hull.</subfield></datafield><datafield ind1="0" ind2="0" tag="780"><subfield code="t">Hull-Nantasket times</subfield><subfield code="w">(DLC)sn 89062176</subfield></datafield></record>